@online{militaryfactory,
	title		= {Electronic Warfare Aircraft},
	association	= {Military Factory},
	url			= {https://www.militaryfactory.com/aircraft/electronic-warfare-aircraft.asp},
	urldate		= {2018-12-11},
}
