@online{polea1,
    title = {Pony Express},
    url = {https://www.peachridgeglass.com/2012/02/old-telephone-poles},
    urldate = {2018-12-17},
}

@online{earlyradio,
    title = {Early Radio -- Wireless Telephone Apparatus 1907},
    url = {http://earlyradio.blogspot.com/2012/07/wireless-telephone-apparatus-1907.html},
    urldate = {2018-12-17},
}

@online{worldwar1,
    title = {4 Technologies invented in World War One that we still use today},
    url = {https://www.worldwar1centennial.org/index.php/communicate/press-media/wwi-centennial-news/1420-4-technologies-invented-in-world-war-1-that-we-still-use-today.html},
    urldate = {2018-12-17},
}

@online{radarlisboa,
    title = {Radar de proximidade do Aeroporto de Lisboa avariou},
    url = {https://pplware.sapo.pt/informacao/radar-proximidade-do-aeroporto-lisboa-avariou/},
    urldate = {2018-12-17},
}

@online{pentagonknickebein,
    title           = {Night Level-Bombing Navigation Tactics},
    subtitle        = {Knickebein (crooked leg)},
    organization    = {Arsenal of Dictatorship},
    url             = {http://www.oocities.org/pentagon/2833/general/tactics/knickebein/knickebein.html},
    urldate         = {2018-12-16},
}