\@online{droplet,
	title			= {ARINC 429 Data Bus Characteristics},
	organization	= {Droplet Measurement Technologies},
	url				= {http://www.dropletmeasurement.com/PADS_Help/ARINC_429_Data_Bus_Characteristics.htm},
	urldate			= {2018/11/30},
}

\@manual{arinc,
	title			= {ARINC Specification 429 Part 1-17: Mark 33 â€“ Digital Information Transfer System (DITS)},
	organization	= {ARINC},
	date			= {2004/05/17},
}
